
   <marc:record>
      <marc:leader>     cjm a22        4500</marc:leader>
      <marc:controlfield tag="001">334690706</marc:controlfield>
      <marc:controlfield tag="003">DE-576</marc:controlfield>
      <marc:controlfield tag="005">20181218141519.0</marc:controlfield>
      <marc:controlfield tag="007">vd uvuuuu</marc:controlfield>
      <marc:controlfield tag="008">101209s2010    gw ||||| |||| |   | ger c</marc:controlfield>
      <marc:datafield tag="024" ind1="3" ind2=" ">
         <marc:subfield code="a">807280151190</marc:subfield>
      </marc:datafield>
      <marc:datafield tag="028" ind1="5" ind2="2">
         <marc:subfield code="a">101 511</marc:subfield>
      </marc:datafield>
      <marc:datafield tag="035" ind1=" " ind2=" ">
         <marc:subfield code="a">(DE-627)1404690700</marc:subfield>
      </marc:datafield>
      <marc:datafield tag="035" ind1=" " ind2=" ">
         <marc:subfield code="a">(DE-576)334690706</marc:subfield>
      </marc:datafield>
      <marc:datafield tag="035" ind1=" " ind2=" ">
         <marc:subfield code="a">(DE-599)BSZ334690706</marc:subfield>
      </marc:datafield>
      <marc:datafield tag="035" ind1=" " ind2=" ">
         <marc:subfield code="a">(OCoLC)984844056</marc:subfield>
      </marc:datafield>
      <marc:datafield tag="035" ind1=" " ind2=" ">
         <marc:subfield code="a">(OCoLC)1077726114</marc:subfield>
      </marc:datafield>
      <marc:datafield tag="040" ind1=" " ind2=" ">
         <marc:subfield code="a">DE-576</marc:subfield>
         <marc:subfield code="b">ger</marc:subfield>
         <marc:subfield code="c">DE-576</marc:subfield>
         <marc:subfield code="e">rakwb</marc:subfield>
      </marc:datafield>
      <marc:datafield tag="041" ind1=" " ind2=" ">
         <marc:subfield code="a">ger</marc:subfield>
      </marc:datafield>
      <marc:datafield tag="044" ind1=" " ind2=" ">
         <marc:subfield code="c">XA-DE</marc:subfield>
      </marc:datafield>
      <marc:datafield tag="084" ind1=" " ind2=" ">
         <marc:subfield code="a">AP 88100</marc:subfield>
         <marc:subfield code="2">rvk</marc:subfield>
         <marc:subfield code="0">(DE-625)rvk/8104:</marc:subfield>
      </marc:datafield>
      <marc:datafield tag="084" ind1=" " ind2=" ">
         <marc:subfield code="a">AP 88150</marc:subfield>
         <marc:subfield code="2">rvk</marc:subfield>
         <marc:subfield code="0">(DE-625)rvk/8105:</marc:subfield>
      </marc:datafield>
      <marc:datafield tag="100" ind1="1" ind2=" ">
         <marc:subfield code="a">Bach, Johann Sebastian</marc:subfield>
         <marc:subfield code="d">1685-1750</marc:subfield>
         <marc:subfield code="0">(DE-588)11850553X</marc:subfield>
         <marc:subfield code="0">(DE-627)134579348</marc:subfield>
         <marc:subfield code="0">(DE-576)160135303</marc:subfield>
         <marc:subfield code="4">aut</marc:subfield>
      </marc:datafield>
      <marc:datafield tag="240" ind1="1" ind2="0">
         <marc:subfield code="a">Matthäuspassion</marc:subfield>
         <marc:subfield code="0">(DE-588)300009798</marc:subfield>
         <marc:subfield code="0">(DE-627)701591528</marc:subfield>
         <marc:subfield code="0">(DE-576)135378419</marc:subfield>
      </marc:datafield>
      <marc:datafield tag="245" ind1="1" ind2="0">
         <marc:subfield code="a">Matthäus-Passion - a ballet by John Neumeier</marc:subfield>
         <marc:subfield code="c">Johann Sebastian Bach. Choreography, staging, scenery and costumes: John Neumeier. TV director: Thomas Grimm</marc:subfield>
      </marc:datafield>
      <marc:datafield tag="264" ind1=" " ind2="1">
         <marc:subfield code="a">[Halle/Saale]</marc:subfield>
         <marc:subfield code="b">Arthaus Musik</marc:subfield>
         <marc:subfield code="c">c 2010</marc:subfield>
      </marc:datafield>
      <marc:datafield tag="300" ind1=" " ind2=" ">
         <marc:subfield code="a">3 DVD-Video (NTSC, Region code 0, 211 Min.)</marc:subfield>
         <marc:subfield code="b">farb., PCM Stereo, 16:9</marc:subfield>
         <marc:subfield code="c">12 cm</marc:subfield>
         <marc:subfield code="e">Beih. (31 S.)</marc:subfield>
      </marc:datafield>
      <marc:datafield tag="336" ind1=" " ind2=" ">
         <marc:subfield code="a">aufgeführte Musik</marc:subfield>
         <marc:subfield code="b">prm</marc:subfield>
         <marc:subfield code="2">rdacontent</marc:subfield>
      </marc:datafield>
      <marc:datafield tag="336" ind1=" " ind2=" ">
         <marc:subfield code="a">zweidimensionales bewegtes Bild</marc:subfield>
         <marc:subfield code="b">tdi</marc:subfield>
         <marc:subfield code="2">rdacontent</marc:subfield>
      </marc:datafield>
      <marc:datafield tag="337" ind1=" " ind2=" ">
         <marc:subfield code="a">video</marc:subfield>
         <marc:subfield code="b">v</marc:subfield>
         <marc:subfield code="2">rdamedia</marc:subfield>
      </marc:datafield>
      <marc:datafield tag="338" ind1=" " ind2=" ">
         <marc:subfield code="a">Videodisk</marc:subfield>
         <marc:subfield code="b">vd</marc:subfield>
         <marc:subfield code="2">rdacarrier</marc:subfield>
      </marc:datafield>
      <marc:datafield tag="500" ind1=" " ind2=" ">
         <marc:subfield code="a">Sprachen: dt.; engl. (Menu)</marc:subfield>
      </marc:datafield>
      <marc:datafield tag="500" ind1=" " ind2=" ">
         <marc:subfield code="a">Ballettinszenierung. Deutschland. 2005</marc:subfield>
      </marc:datafield>
      <marc:datafield tag="511" ind1="0" ind2=" ">
         <marc:subfield code="a">Interpr. Musik: Peter Schreier, Evangelist and arias, tenor. Bernd Weikl, Jesus, bass. Mitsuko Shirai, soprano. Marga Schiml, alto. Franz Grundheber, bass. St.-Michaelis-Orchester. St.-Michaelis-Chor. Knabenchor Hannover. Knabenchor St. Michaelis. Günter Jena, conductor. - Aufn.: Hamburg, St.-Michaelis-Kirche, 29.03.1980, live. - Interpr. Tanz: Hamburg Ballett. - Aufn.: Baden-Baden, Festspielhaus, 2005, live</marc:subfield>
      </marc:datafield>
      <marc:datafield tag="591" ind1=" " ind2=" ">
         <marc:subfield code="a">IMD-Felder und 1131 maschinell ergänzt (SWB)</marc:subfield>
      </marc:datafield>
      <marc:datafield tag="655" ind1=" " ind2="7">
         <marc:subfield code="a">Film</marc:subfield>
         <marc:subfield code="0">(DE-588)4017102-4</marc:subfield>
         <marc:subfield code="0">(DE-627)104559683</marc:subfield>
         <marc:subfield code="0">(DE-576)208918531</marc:subfield>
         <marc:subfield code="2">gnd-content</marc:subfield>
      </marc:datafield>
      <marc:datafield tag="655" ind1=" " ind2="7">
         <marc:subfield code="a">DVD-Video</marc:subfield>
         <marc:subfield code="0">(DE-588)4585125-6</marc:subfield>
         <marc:subfield code="0">(DE-627)325263515</marc:subfield>
         <marc:subfield code="0">(DE-576)213973456</marc:subfield>
         <marc:subfield code="2">gnd-carrier</marc:subfield>
      </marc:datafield>
      <marc:datafield tag="700" ind1="1" ind2=" ">
         <marc:subfield code="a">Neumeier, John</marc:subfield>
         <marc:subfield code="d">1939-</marc:subfield>
         <marc:subfield code="0">(DE-588)118587412</marc:subfield>
         <marc:subfield code="0">(DE-627)079380964</marc:subfield>
         <marc:subfield code="0">(DE-576)165915579</marc:subfield>
         <marc:subfield code="4">oth</marc:subfield>
      </marc:datafield>
      <marc:datafield tag="700" ind1="1" ind2=" ">
         <marc:subfield code="a">Grimm, Thomas</marc:subfield>
         <marc:subfield code="d">1942-</marc:subfield>
         <marc:subfield code="0">(DE-588)139570942</marc:subfield>
         <marc:subfield code="0">(DE-627)611840820</marc:subfield>
         <marc:subfield code="0">(DE-576)312301758</marc:subfield>
         <marc:subfield code="4">oth</marc:subfield>
      </marc:datafield>
      <marc:datafield tag="700" ind1="1" ind2=" ">
         <marc:subfield code="a">Jena, Günter</marc:subfield>
         <marc:subfield code="d">1933-</marc:subfield>
         <marc:subfield code="0">(DE-588)115746269</marc:subfield>
         <marc:subfield code="0">(DE-627)077443632</marc:subfield>
         <marc:subfield code="0">(DE-576)161583733</marc:subfield>
         <marc:subfield code="4">prf</marc:subfield>
      </marc:datafield>
      <marc:datafield tag="700" ind1="1" ind2=" ">
         <marc:subfield code="a">Schreier, Peter</marc:subfield>
         <marc:subfield code="d">1935-2019</marc:subfield>
         <marc:subfield code="0">(DE-588)118610724</marc:subfield>
         <marc:subfield code="0">(DE-627)079400922</marc:subfield>
         <marc:subfield code="0">(DE-576)162972857</marc:subfield>
         <marc:subfield code="4">prf</marc:subfield>
      </marc:datafield>
      <marc:datafield tag="700" ind1="1" ind2=" ">
         <marc:subfield code="a">Weikl, Bernd</marc:subfield>
         <marc:subfield code="d">1942-</marc:subfield>
         <marc:subfield code="0">(DE-588)121000206</marc:subfield>
         <marc:subfield code="0">(DE-627)081021097</marc:subfield>
         <marc:subfield code="0">(DE-576)163506302</marc:subfield>
         <marc:subfield code="4">prf</marc:subfield>
      </marc:datafield>
      <marc:datafield tag="700" ind1="1" ind2=" ">
         <marc:subfield code="a">Shirai, Mitsuko</marc:subfield>
         <marc:subfield code="d">1952-</marc:subfield>
         <marc:subfield code="0">(DE-588)124953832</marc:subfield>
         <marc:subfield code="0">(DE-627)368962806</marc:subfield>
         <marc:subfield code="0">(DE-576)164807942</marc:subfield>
         <marc:subfield code="4">prf</marc:subfield>
      </marc:datafield>
      <marc:datafield tag="700" ind1="1" ind2=" ">
         <marc:subfield code="a">Schiml, Marga</marc:subfield>
         <marc:subfield code="d">1945-</marc:subfield>
         <marc:subfield code="0">(DE-588)132613123</marc:subfield>
         <marc:subfield code="0">(DE-627)524421544</marc:subfield>
         <marc:subfield code="0">(DE-576)164807950</marc:subfield>
         <marc:subfield code="4">prf</marc:subfield>
      </marc:datafield>
      <marc:datafield tag="700" ind1="1" ind2=" ">
         <marc:subfield code="a">Grundheber, Franz</marc:subfield>
         <marc:subfield code="d">1937-</marc:subfield>
         <marc:subfield code="0">(DE-588)130409162</marc:subfield>
         <marc:subfield code="0">(DE-627)501117407</marc:subfield>
         <marc:subfield code="0">(DE-576)164688625</marc:subfield>
         <marc:subfield code="4">prf</marc:subfield>
      </marc:datafield>
      <marc:datafield tag="710" ind1="2" ind2=" ">
         <marc:subfield code="a">St.-Michaelis-Orchester</marc:subfield>
         <marc:subfield code="0">(DE-588)5515603-4</marc:subfield>
         <marc:subfield code="0">(DE-627)326634150</marc:subfield>
         <marc:subfield code="0">(DE-576)198098758</marc:subfield>
         <marc:subfield code="4">prf</marc:subfield>
      </marc:datafield>
      <marc:datafield tag="710" ind1="2" ind2=" ">
         <marc:subfield code="a">Chor St. Michaelis</marc:subfield>
         <marc:subfield code="0">(DE-588)365110-1</marc:subfield>
         <marc:subfield code="0">(DE-627)100982018</marc:subfield>
         <marc:subfield code="0">(DE-576)192869523</marc:subfield>
         <marc:subfield code="4">prf</marc:subfield>
      </marc:datafield>
      <marc:datafield tag="710" ind1="2" ind2=" ">
         <marc:subfield code="a">Knabenchor Hannover</marc:subfield>
         <marc:subfield code="0">(DE-588)5087072-5</marc:subfield>
         <marc:subfield code="0">(DE-627)128034661</marc:subfield>
         <marc:subfield code="0">(DE-576)194489272</marc:subfield>
         <marc:subfield code="4">prf</marc:subfield>
      </marc:datafield>
      <marc:datafield tag="710" ind1="2" ind2=" ">
         <marc:subfield code="a">Knabenchor St. Michaelis</marc:subfield>
         <marc:subfield code="0">(DE-588)5516720-2</marc:subfield>
         <marc:subfield code="0">(DE-627)328325813</marc:subfield>
         <marc:subfield code="0">(DE-576)198129386</marc:subfield>
         <marc:subfield code="4">prf</marc:subfield>
      </marc:datafield>
      <marc:datafield tag="710" ind1="2" ind2=" ">
         <marc:subfield code="a">Hamburg Ballett</marc:subfield>
         <marc:subfield code="g">Musikgruppe</marc:subfield>
         <marc:subfield code="0">(DE-588)10034289-9</marc:subfield>
         <marc:subfield code="0">(DE-627)342745107</marc:subfield>
         <marc:subfield code="0">(DE-576)199075379</marc:subfield>
         <marc:subfield code="4">prf</marc:subfield>
      </marc:datafield>
      <marc:datafield tag="935" ind1=" " ind2=" ">
         <marc:subfield code="c">muto</marc:subfield>
         <marc:subfield code="c">vide</marc:subfield>
      </marc:datafield>
      <marc:datafield tag="936" ind1="r" ind2="v">
         <marc:subfield code="a">AP 88100</marc:subfield>
         <marc:subfield code="b">Choreografie, Dramaturgie, Libretto, Regie</marc:subfield>
         <marc:subfield code="k">Allgemeines</marc:subfield>
         <marc:subfield code="k">Medien- und Kommunikationswissenschaften, Kommunikationsdesign</marc:subfield>
         <marc:subfield code="k">Tanz</marc:subfield>
         <marc:subfield code="k">Ballett</marc:subfield>
         <marc:subfield code="k">Choreografie, Dramaturgie, Libretto, Regie</marc:subfield>
         <marc:subfield code="0">(DE-627)1270694030</marc:subfield>
         <marc:subfield code="0">(DE-625)rvk/8104:</marc:subfield>
         <marc:subfield code="0">(DE-576)200694030</marc:subfield>
      </marc:datafield>
      <marc:datafield tag="936" ind1="r" ind2="v">
         <marc:subfield code="a">AP 88150</marc:subfield>
         <marc:subfield code="b">Inszenierung, Kritik</marc:subfield>
         <marc:subfield code="k">Allgemeines</marc:subfield>
         <marc:subfield code="k">Medien- und Kommunikationswissenschaften, Kommunikationsdesign</marc:subfield>
         <marc:subfield code="k">Tanz</marc:subfield>
         <marc:subfield code="k">Ballett</marc:subfield>
         <marc:subfield code="k">Inszenierung, Kritik</marc:subfield>
         <marc:subfield code="0">(DE-627)1270694049</marc:subfield>
         <marc:subfield code="0">(DE-625)rvk/8105:</marc:subfield>
         <marc:subfield code="0">(DE-576)200694049</marc:subfield>
      </marc:datafield>
      <marc:datafield tag="937" ind1=" " ind2=" ">
         <marc:subfield code="a">Ballettinszenierung</marc:subfield>
         <marc:subfield code="b">Deutschland</marc:subfield>
         <marc:subfield code="c">2005</marc:subfield>
      </marc:datafield>
      <marc:datafield tag="951" ind1=" " ind2=" ">
         <marc:subfield code="a">BO</marc:subfield>
      </marc:datafield>
   </marc:record>