
   <marc:record>
      <marc:leader>     ccm a22        4500</marc:leader>
      <marc:controlfield tag="001">327474432</marc:controlfield>
      <marc:controlfield tag="003">DE-576</marc:controlfield>
      <marc:controlfield tag="005">20170222110331.0</marc:controlfield>
      <marc:controlfield tag="007">qu</marc:controlfield>
      <marc:controlfield tag="008">100811s1981    xx ||||| |||| ||| | zxx c</marc:controlfield>
      <marc:datafield tag="028" ind1="2" ind2="2">
         <marc:subfield code="a">11216</marc:subfield>
      </marc:datafield>
      <marc:datafield tag="035" ind1=" " ind2=" ">
         <marc:subfield code="a">(DE-627)1397474432</marc:subfield>
      </marc:datafield>
      <marc:datafield tag="035" ind1=" " ind2=" ">
         <marc:subfield code="a">(DE-576)327474432</marc:subfield>
      </marc:datafield>
      <marc:datafield tag="035" ind1=" " ind2=" ">
         <marc:subfield code="a">(DE-599)BSZ327474432</marc:subfield>
      </marc:datafield>
      <marc:datafield tag="035" ind1=" " ind2=" ">
         <marc:subfield code="a">(OCoLC)699736268</marc:subfield>
      </marc:datafield>
      <marc:datafield tag="040" ind1=" " ind2=" ">
         <marc:subfield code="a">DE-576</marc:subfield>
         <marc:subfield code="b">ger</marc:subfield>
         <marc:subfield code="c">DE-576</marc:subfield>
         <marc:subfield code="e">rda</marc:subfield>
      </marc:datafield>
      <marc:datafield tag="041" ind1=" " ind2=" ">
         <marc:subfield code="a">zxx</marc:subfield>
      </marc:datafield>
      <marc:datafield tag="100" ind1="1" ind2=" ">
         <marc:subfield code="a">Glazunov, Aleksandr Konstantinovič</marc:subfield>
         <marc:subfield code="d">1865-1936</marc:subfield>
         <marc:subfield code="e">KomponistIn</marc:subfield>
         <marc:subfield code="0">(DE-588)118695312</marc:subfield>
         <marc:subfield code="0">(DE-627)134636872</marc:subfield>
         <marc:subfield code="0">(DE-576)167523368</marc:subfield>
         <marc:subfield code="4">cmp</marc:subfield>
      </marc:datafield>
      <marc:datafield tag="245" ind1="1" ind2="0">
         <marc:subfield code="a">Rajmonda</marc:subfield>
         <marc:subfield code="b">balet v trech dejstvijach : soč. 57 = Raymonda</marc:subfield>
         <marc:subfield code="c">A. Glazunov. Libretto L. Paškovoj i M. Petina. Pereloženie dlja fortepiano avtora i A. Vinklera</marc:subfield>
      </marc:datafield>
      <marc:datafield tag="246" ind1="3" ind2="1">
         <marc:subfield code="a">Raymonda</marc:subfield>
      </marc:datafield>
      <marc:datafield tag="250" ind1=" " ind2=" ">
         <marc:subfield code="a">Ausgabe für Klavier</marc:subfield>
      </marc:datafield>
      <marc:datafield tag="264" ind1=" " ind2="1">
         <marc:subfield code="a">Moskva</marc:subfield>
         <marc:subfield code="b">Izdatel'stvo "Muzyka"</marc:subfield>
         <marc:subfield code="c">1981</marc:subfield>
      </marc:datafield>
      <marc:datafield tag="300" ind1=" " ind2=" ">
         <marc:subfield code="a">1 Partitur (182 Seiten)</marc:subfield>
      </marc:datafield>
      <marc:datafield tag="336" ind1=" " ind2=" ">
         <marc:subfield code="a">Noten</marc:subfield>
         <marc:subfield code="b">ntm</marc:subfield>
         <marc:subfield code="2">rdacontent</marc:subfield>
      </marc:datafield>
      <marc:datafield tag="337" ind1=" " ind2=" ">
         <marc:subfield code="a">ohne Hilfsmittel zu benutzen</marc:subfield>
         <marc:subfield code="b">n</marc:subfield>
         <marc:subfield code="2">rdamedia</marc:subfield>
      </marc:datafield>
      <marc:datafield tag="338" ind1=" " ind2=" ">
         <marc:subfield code="a">Band</marc:subfield>
         <marc:subfield code="b">nc</marc:subfield>
         <marc:subfield code="2">rdacarrier</marc:subfield>
      </marc:datafield>
      <marc:datafield tag="348" ind1=" " ind2=" ">
         <marc:subfield code="a">Partitur</marc:subfield>
         <marc:subfield code="0">(DE-588)4173447-6</marc:subfield>
         <marc:subfield code="0">(DE-627)105379875</marc:subfield>
         <marc:subfield code="0">(DE-576)209950323</marc:subfield>
         <marc:subfield code="2">gnd-music</marc:subfield>
      </marc:datafield>
      <marc:datafield tag="591" ind1=" " ind2=" ">
         <marc:subfield code="a">bes: ddsu/sred (SWB)</marc:subfield>
      </marc:datafield>
      <marc:datafield tag="700" ind1="1" ind2=" ">
         <marc:subfield code="a">Paškova, Lidija Aleksandrovna</marc:subfield>
         <marc:subfield code="e">LibrettistIn</marc:subfield>
         <marc:subfield code="0">(DE-588)1023024373</marc:subfield>
         <marc:subfield code="0">(DE-627)717348075</marc:subfield>
         <marc:subfield code="0">(DE-576)366276433</marc:subfield>
         <marc:subfield code="4">lbt</marc:subfield>
      </marc:datafield>
      <marc:datafield tag="700" ind1="1" ind2=" ">
         <marc:subfield code="a">Petipa, Marius</marc:subfield>
         <marc:subfield code="d">1818-1910</marc:subfield>
         <marc:subfield code="e">LibrettistIn</marc:subfield>
         <marc:subfield code="0">(DE-588)11859320X</marc:subfield>
         <marc:subfield code="0">(DE-627)079386326</marc:subfield>
         <marc:subfield code="0">(DE-576)170829189</marc:subfield>
         <marc:subfield code="4">lbt</marc:subfield>
      </marc:datafield>
      <marc:datafield tag="700" ind1="1" ind2=" ">
         <marc:subfield code="a">Winkler, Alexandre</marc:subfield>
         <marc:subfield code="d">1865-1935</marc:subfield>
         <marc:subfield code="e">ArrangeurIn</marc:subfield>
         <marc:subfield code="0">(DE-588)130685976</marc:subfield>
         <marc:subfield code="0">(DE-627)505382954</marc:subfield>
         <marc:subfield code="0">(DE-576)298343843</marc:subfield>
         <marc:subfield code="4">arr</marc:subfield>
      </marc:datafield>
      <marc:datafield tag="935" ind1=" " ind2=" ">
         <marc:subfield code="c">muno</marc:subfield>
      </marc:datafield>
      <marc:datafield tag="937" ind1=" " ind2=" ">
         <marc:subfield code="f">Ballett</marc:subfield>
      </marc:datafield>
      <marc:datafield tag="951" ind1=" " ind2=" ">
         <marc:subfield code="a">BO</marc:subfield>
      </marc:datafield>
   </marc:record>