
   <marc:record>
      <marc:leader>     cgm a22        4500</marc:leader>
      <marc:controlfield tag="001">314169008</marc:controlfield>
      <marc:controlfield tag="003">DE-576</marc:controlfield>
      <marc:controlfield tag="005">20190215131853.0</marc:controlfield>
      <marc:controlfield tag="007">vd uvuuuu</marc:controlfield>
      <marc:controlfield tag="008">091209s2009    xx ||| |      |   v|ger c</marc:controlfield>
      <marc:datafield tag="024" ind1="3" ind2=" ">
         <marc:subfield code="a">3760115300446</marc:subfield>
      </marc:datafield>
      <marc:datafield tag="028" ind1="5" ind2="2">
         <marc:subfield code="a">BAC 044</marc:subfield>
      </marc:datafield>
      <marc:datafield tag="035" ind1=" " ind2=" ">
         <marc:subfield code="a">(DE-627)1384169008</marc:subfield>
      </marc:datafield>
      <marc:datafield tag="035" ind1=" " ind2=" ">
         <marc:subfield code="a">(DE-576)314169008</marc:subfield>
      </marc:datafield>
      <marc:datafield tag="035" ind1=" " ind2=" ">
         <marc:subfield code="a">(DE-599)BSZ314169008</marc:subfield>
      </marc:datafield>
      <marc:datafield tag="035" ind1=" " ind2=" ">
         <marc:subfield code="a">(OCoLC)699247819</marc:subfield>
      </marc:datafield>
      <marc:datafield tag="035" ind1=" " ind2=" ">
         <marc:subfield code="a">(OCoLC)1083946118</marc:subfield>
      </marc:datafield>
      <marc:datafield tag="040" ind1=" " ind2=" ">
         <marc:subfield code="a">DE-576</marc:subfield>
         <marc:subfield code="b">ger</marc:subfield>
         <marc:subfield code="c">DE-576</marc:subfield>
         <marc:subfield code="e">rakwb</marc:subfield>
      </marc:datafield>
      <marc:datafield tag="041" ind1=" " ind2=" ">
         <marc:subfield code="a">ger</marc:subfield>
         <marc:subfield code="a">fre</marc:subfield>
         <marc:subfield code="a">spa</marc:subfield>
         <marc:subfield code="a">ita</marc:subfield>
      </marc:datafield>
      <marc:datafield tag="084" ind1=" " ind2=" ">
         <marc:subfield code="a">ED 4500</marc:subfield>
         <marc:subfield code="2">rvk</marc:subfield>
         <marc:subfield code="0">(DE-625)rvk/21152:13508</marc:subfield>
      </marc:datafield>
      <marc:datafield tag="084" ind1=" " ind2=" ">
         <marc:subfield code="a">AP 88150</marc:subfield>
         <marc:subfield code="2">rvk</marc:subfield>
         <marc:subfield code="0">(DE-625)rvk/8105:</marc:subfield>
      </marc:datafield>
      <marc:datafield tag="245" ind1="1" ind2="0">
         <marc:subfield code="a">Orpheus und Eurydike</marc:subfield>
         <marc:subfield code="b">[Tanzoper; nach der 1975 am Tanztheater Wuppertal erarbeiteten Fassung] = Orpheus and Eurydice = Orphée et  Eurydice</marc:subfield>
         <marc:subfield code="c">de Pina Bausch. Musique: Christoph Willibald Gluck. Choréographie: Pina Bausch. Avec les danseurs: Yann Bridard; Marie-Agnès Gillot; Miteki Kudo. Les Etoiles, les premiers danseurs et le Corps de Ballet de l'Opéra national de Paris. Réalisation: Vincent Bataillon</marc:subfield>
      </marc:datafield>
      <marc:datafield tag="246" ind1="3" ind2="1">
         <marc:subfield code="a">Orpheus and Eurydice</marc:subfield>
      </marc:datafield>
      <marc:datafield tag="246" ind1="3" ind2="1">
         <marc:subfield code="a">Orphée et  Eurydice</marc:subfield>
      </marc:datafield>
      <marc:datafield tag="246" ind1="3" ind2="3">
         <marc:subfield code="a">Orfeo ed Euridice</marc:subfield>
      </marc:datafield>
      <marc:datafield tag="264" ind1=" " ind2="1">
         <marc:subfield code="a">[S.l.]</marc:subfield>
         <marc:subfield code="b">Bel Air Media [u.a.]</marc:subfield>
         <marc:subfield code="c">c 2009</marc:subfield>
      </marc:datafield>
      <marc:datafield tag="300" ind1=" " ind2=" ">
         <marc:subfield code="a">1 DVD-Video (NTSC, Regionalcode 0, 194 Min)</marc:subfield>
         <marc:subfield code="b">farb., PCM stereo, Dolby digital 5.1</marc:subfield>
         <marc:subfield code="c">12 cm</marc:subfield>
         <marc:subfield code="e">Beih. (35 S.)</marc:subfield>
      </marc:datafield>
      <marc:datafield tag="336" ind1=" " ind2=" ">
         <marc:subfield code="a">aufgeführte Musik</marc:subfield>
         <marc:subfield code="b">prm</marc:subfield>
         <marc:subfield code="2">rdacontent</marc:subfield>
      </marc:datafield>
      <marc:datafield tag="336" ind1=" " ind2=" ">
         <marc:subfield code="a">zweidimensionales bewegtes Bild</marc:subfield>
         <marc:subfield code="b">tdi</marc:subfield>
         <marc:subfield code="2">rdacontent</marc:subfield>
      </marc:datafield>
      <marc:datafield tag="337" ind1=" " ind2=" ">
         <marc:subfield code="a">video</marc:subfield>
         <marc:subfield code="b">v</marc:subfield>
         <marc:subfield code="2">rdamedia</marc:subfield>
      </marc:datafield>
      <marc:datafield tag="338" ind1=" " ind2=" ">
         <marc:subfield code="a">Videodisk</marc:subfield>
         <marc:subfield code="b">vd</marc:subfield>
         <marc:subfield code="2">rdacarrier</marc:subfield>
      </marc:datafield>
      <marc:datafield tag="500" ind1=" " ind2=" ">
         <marc:subfield code="a">Mit dt., franz., span., ital., engl. Untertiteln. - Auch zitiert u.d.T.: Orfeo ed Euridice</marc:subfield>
      </marc:datafield>
      <marc:datafield tag="500" ind1=" " ind2=" ">
         <marc:subfield code="a">Operninszenierung. - Ballettinszenierung. Frankreich. 2008</marc:subfield>
      </marc:datafield>
      <marc:datafield tag="511" ind1="0" ind2=" ">
         <marc:subfield code="a">Interpr.: Maria Ricarda Wesseling [Orphée]. Julia Kleiter [Eurydice]. Sunhae Im [Amour]. Balthasar-Neumann-Chor und -Ensemble. Thomas Hengelbrock [Dir]. - Aufn.: Live aus dem Opéra national de Paris, Palais Garnier, 2008</marc:subfield>
      </marc:datafield>
      <marc:datafield tag="591" ind1=" " ind2=" ">
         <marc:subfield code="a">bes:l1HM; 5090 maschinell aus ähnlichen Titelaufnahmen ergänzt ; IMD-Felder und 1131 maschinell ergänzt (SWB)</marc:subfield>
      </marc:datafield>
      <marc:datafield tag="655" ind1=" " ind2="7">
         <marc:subfield code="a">Film</marc:subfield>
         <marc:subfield code="0">(DE-588)4017102-4</marc:subfield>
         <marc:subfield code="0">(DE-627)104559683</marc:subfield>
         <marc:subfield code="0">(DE-576)208918531</marc:subfield>
         <marc:subfield code="2">gnd-content</marc:subfield>
      </marc:datafield>
      <marc:datafield tag="655" ind1=" " ind2="7">
         <marc:subfield code="a">DVD-Video</marc:subfield>
         <marc:subfield code="0">(DE-588)4585125-6</marc:subfield>
         <marc:subfield code="0">(DE-627)325263515</marc:subfield>
         <marc:subfield code="0">(DE-576)213973456</marc:subfield>
         <marc:subfield code="2">gnd-carrier</marc:subfield>
      </marc:datafield>
      <marc:datafield tag="700" ind1="1" ind2=" ">
         <marc:subfield code="a">Gluck, Christoph Willibald</marc:subfield>
         <marc:subfield code="d">1714-1787</marc:subfield>
         <marc:subfield code="0">(DE-588)118539841</marc:subfield>
         <marc:subfield code="0">(DE-627)134588541</marc:subfield>
         <marc:subfield code="0">(DE-576)161132715</marc:subfield>
         <marc:subfield code="4">oth</marc:subfield>
      </marc:datafield>
      <marc:datafield tag="700" ind1="1" ind2=" ">
         <marc:subfield code="a">Bausch, Pina</marc:subfield>
         <marc:subfield code="d">1940-2009</marc:subfield>
         <marc:subfield code="0">(DE-588)118507680</marc:subfield>
         <marc:subfield code="0">(DE-627)079311741</marc:subfield>
         <marc:subfield code="0">(DE-576)166293857</marc:subfield>
         <marc:subfield code="4">oth</marc:subfield>
      </marc:datafield>
      <marc:datafield tag="700" ind1="1" ind2=" ">
         <marc:subfield code="a">Bataillon, Vincent</marc:subfield>
         <marc:subfield code="4">oth</marc:subfield>
      </marc:datafield>
      <marc:datafield tag="700" ind1="1" ind2=" ">
         <marc:subfield code="a">Bridard, Yann</marc:subfield>
         <marc:subfield code="4">prf</marc:subfield>
      </marc:datafield>
      <marc:datafield tag="700" ind1="1" ind2=" ">
         <marc:subfield code="a">Gillot, Marie-Agnès</marc:subfield>
         <marc:subfield code="4">prf</marc:subfield>
      </marc:datafield>
      <marc:datafield tag="700" ind1="1" ind2=" ">
         <marc:subfield code="a">Kudo, Miteki</marc:subfield>
         <marc:subfield code="4">prf</marc:subfield>
      </marc:datafield>
      <marc:datafield tag="700" ind1="1" ind2=" ">
         <marc:subfield code="a">Wesseling, Maria Riccarda</marc:subfield>
         <marc:subfield code="d">1969-</marc:subfield>
         <marc:subfield code="0">(DE-588)135363683</marc:subfield>
         <marc:subfield code="0">(DE-627)576546453</marc:subfield>
         <marc:subfield code="0">(DE-576)189988045</marc:subfield>
         <marc:subfield code="4">prf</marc:subfield>
      </marc:datafield>
      <marc:datafield tag="700" ind1="1" ind2=" ">
         <marc:subfield code="a">Kleiter, Julia</marc:subfield>
         <marc:subfield code="d">1980-</marc:subfield>
         <marc:subfield code="0">(DE-588)135435536</marc:subfield>
         <marc:subfield code="0">(DE-627)576606820</marc:subfield>
         <marc:subfield code="0">(DE-576)188883266</marc:subfield>
         <marc:subfield code="4">prf</marc:subfield>
      </marc:datafield>
      <marc:datafield tag="700" ind1="1" ind2=" ">
         <marc:subfield code="a">Im, Sunhae</marc:subfield>
         <marc:subfield code="4">prf</marc:subfield>
      </marc:datafield>
      <marc:datafield tag="700" ind1="1" ind2=" ">
         <marc:subfield code="a">Hengelbrock, Thomas</marc:subfield>
         <marc:subfield code="d">1958-</marc:subfield>
         <marc:subfield code="0">(DE-588)134730194</marc:subfield>
         <marc:subfield code="0">(DE-627)575993340</marc:subfield>
         <marc:subfield code="0">(DE-576)168830418</marc:subfield>
         <marc:subfield code="4">prf</marc:subfield>
      </marc:datafield>
      <marc:datafield tag="710" ind1="2" ind2=" ">
         <marc:subfield code="a">Opéra national de Paris</marc:subfield>
         <marc:subfield code="b">Ballet</marc:subfield>
         <marc:subfield code="0">(DE-588)10341808-8</marc:subfield>
         <marc:subfield code="0">(DE-627)603290841</marc:subfield>
         <marc:subfield code="0">(DE-576)28240595X</marc:subfield>
         <marc:subfield code="4">prf</marc:subfield>
      </marc:datafield>
      <marc:datafield tag="710" ind1="2" ind2=" ">
         <marc:subfield code="a">Balthasar-Neumann-Chor</marc:subfield>
         <marc:subfield code="0">(DE-588)5185012-6</marc:subfield>
         <marc:subfield code="0">(DE-627)215978064</marc:subfield>
         <marc:subfield code="0">(DE-576)19591371X</marc:subfield>
         <marc:subfield code="4">prf</marc:subfield>
      </marc:datafield>
      <marc:datafield tag="710" ind1="2" ind2=" ">
         <marc:subfield code="a">Balthasar-Neumann-Ensemble</marc:subfield>
         <marc:subfield code="g">Musikgruppe</marc:subfield>
         <marc:subfield code="0">(DE-588)5296414-0</marc:subfield>
         <marc:subfield code="0">(DE-627)248402404</marc:subfield>
         <marc:subfield code="0">(DE-576)196981794</marc:subfield>
         <marc:subfield code="4">prf</marc:subfield>
      </marc:datafield>
      <marc:datafield tag="935" ind1=" " ind2=" ">
         <marc:subfield code="c">vide</marc:subfield>
         <marc:subfield code="c">muto</marc:subfield>
      </marc:datafield>
      <marc:datafield tag="936" ind1="r" ind2="v">
         <marc:subfield code="a">ED 4500</marc:subfield>
         <marc:subfield code="b">Gesamtdarstellungen</marc:subfield>
         <marc:subfield code="k">Allgemeine und vergleichende Sprach- und Literaturwissenschaft. Indogermanistik. Außereuropäische Sprachen und Literaturen</marc:subfield>
         <marc:subfield code="k">Allgemeine und vergleichende Literaturwissenschaft.</marc:subfield>
         <marc:subfield code="k">Textsammlungen zur Literaturwissenschaft</marc:subfield>
         <marc:subfield code="k">Einzelne Gattungen</marc:subfield>
         <marc:subfield code="k">Drama</marc:subfield>
         <marc:subfield code="k">Allgemeines</marc:subfield>
         <marc:subfield code="k">Gesamtdarstellungen</marc:subfield>
         <marc:subfield code="0">(DE-627)1271918536</marc:subfield>
         <marc:subfield code="0">(DE-625)rvk/21152:13508</marc:subfield>
         <marc:subfield code="0">(DE-576)201918536</marc:subfield>
      </marc:datafield>
      <marc:datafield tag="936" ind1="r" ind2="v">
         <marc:subfield code="a">AP 88150</marc:subfield>
         <marc:subfield code="b">Inszenierung, Kritik</marc:subfield>
         <marc:subfield code="k">Allgemeines</marc:subfield>
         <marc:subfield code="k">Medien- und Kommunikationswissenschaften, Kommunikationsdesign</marc:subfield>
         <marc:subfield code="k">Tanz</marc:subfield>
         <marc:subfield code="k">Ballett</marc:subfield>
         <marc:subfield code="k">Inszenierung, Kritik</marc:subfield>
         <marc:subfield code="0">(DE-627)1270694049</marc:subfield>
         <marc:subfield code="0">(DE-625)rvk/8105:</marc:subfield>
         <marc:subfield code="0">(DE-576)200694049</marc:subfield>
      </marc:datafield>
      <marc:datafield tag="937" ind1=" " ind2=" ">
         <marc:subfield code="a">Operninszenierung</marc:subfield>
         <marc:subfield code="a">Ballettinszenierung</marc:subfield>
         <marc:subfield code="b">Frankreich</marc:subfield>
         <marc:subfield code="c">2008</marc:subfield>
      </marc:datafield>
      <marc:datafield tag="937" ind1=" " ind2=" ">
         <marc:subfield code="f">Oper</marc:subfield>
      </marc:datafield>
      <marc:datafield tag="951" ind1=" " ind2=" ">
         <marc:subfield code="a">BO</marc:subfield>
      </marc:datafield>
   </marc:record>